<record xmlns="http://www.loc.gov/MARC21/slim" xmlns:xsi="http://www.w3.org/2001/XMLSchema-instance" xsi:schemaLocation="http://www.loc.gov/MARC21/slim http://www.loc.gov/standards/marcxml/schema/MARC21slim.xsd"><leader>00922cz   2200229n  4500</leader><controlfield tag="001">oca00422650 </controlfield><controlfield tag="005">20040624104049.0</controlfield><controlfield tag="008">800725n| acannaab           |a aaa      </controlfield><datafield ind1=" " ind2=" " tag="010"><subfield code="a">n  80040584 </subfield></datafield><datafield ind1=" " ind2=" " tag="040"><subfield code="a">DLC</subfield><subfield code="c">DLC</subfield><subfield code="d">DLC</subfield></datafield><datafield ind1="0" ind2=" " tag="100"><subfield code="a">Callimachus</subfield></datafield><datafield ind1="0" ind2=" " tag="400"><subfield code="a">Kallimakh</subfield></datafield><datafield ind1="0" ind2=" " tag="400"><subfield code="a">Kallimachos</subfield></datafield><datafield ind1="0" ind2=" " tag="400"><subfield code="a">KaÌ&#x84;liÌ&#x84;maÌ&#x84;khuÌ&#x84;s al-QuÌ&#x84;riÌ&#x84;niÌ&#x84;</subfield></datafield><datafield ind1="1" ind2=" " tag="400"><subfield code="a">QuÌ&#x84;riÌ&#x84;niÌ&#x84;, KaÌ&#x84;liÌ&#x84;maÌ&#x84;khuÌ&#x84;s</subfield></datafield><datafield ind1="0" ind2=" " tag="400"><subfield code="a">CaliÌ&#x81;maco</subfield></datafield><datafield ind1="0" ind2=" " tag="400"><subfield code="a">Callimaco</subfield></datafield><datafield ind1="0" ind2=" " tag="400"><subfield code="a">Kallimach</subfield></datafield><datafield ind1=" " ind2=" " tag="670"><subfield code="a">Marinone, N. Berenice da Callimaco a Catullo, c1984.</subfield></datafield><datafield ind1=" " ind2=" " tag="670"><subfield code="a">Polish National Library Web OPAC, June 24, 2004</subfield><subfield code="b">(Callimachus (ca 310-post 245 a.C.)</subfield></datafield><datafield ind1=" " ind2=" " tag="670"><subfield code="a">Oxford classical dict., 1996</subfield><subfield code="b">(Callimachus of Cyrene; Greek poet and scholar; works: Aetia, Iambi, poems, Hecale, hymns, epigrams)</subfield></datafield><datafield ind1=" " ind2=" " tag="670"><subfield code="a">Biog. &amp; geneal. master index, June 24, 2004</subfield><subfield code="b">(Callimachus of Cyrene, (c. 305 B.C.-c. 240 B.C.), Callimachus, (c. 305 B.C.-c. 240 B.C.))</subfield></datafield></record>